% Encoding: UTF-8

@Article{Comisso2013,
  Title       = {Gyro-induced acceleration of magnetic reconnection},
  Author      = {Comisso, L. and Grasso, D. and Waelbroeck, F.L. and Borgogno, D.},
  Journal     = {Phys. Plasmas},
  Year        = {2013},
  Number      = {9},
  Pages       = {092118},
  Volume      = {20},
  Doi         = {10.1063/1.4821840},
}
@article{Stanier2015,
    author = {A. Stanier and Andrei N. Simakov and L. Chac√≥n and W. Daughton},
    title = {Fluid vs. kinetic magnetic reconnection with strong guide fields},
    journal = {Physics of Plasmas},
    volume = {22},
    number = {10},
    pages = {101203},
    year = {2015},
    doi = {10.1063/1.4932330}
}
